@inproceedings{DBLP:conf/sat/GanianS17,
  author    = {Robert Ganian and
               Stefan Szeider},
  editor    = {Serge Gaspers and
               Toby Walsh},
  title     = {New Width Parameters for Model Counting},
  booktitle = {Theory and Applications of Satisfiability Testing - {SAT} 2017 - 20th
               International Conference, Melbourne, VIC, Australia, August 28 - September
               1, 2017, Proceedings},
  series    = {Lecture Notes in Computer Science},
  volume    = {10491},
  pages     = {38--52},
  publisher = {Springer},
  year      = {2017},
  url       = {https://doi.org/10.1007/978-3-319-66263-3\_3},
  doi       = {10.1007/978-3-319-66263-3\_3},
  timestamp = {Tue, 14 May 2019 10:00:41 +0200},
  biburl    = {https://dblp.org/rec/conf/sat/GanianS17.bib},
  bibsource = {dblp computer science bibliography, https://dblp.org}
}

@inproceedings{DBLP:conf/sat/CapelliDM14,
  author    = {Florent Capelli and
               Arnaud Durand and
               Stefan Mengel},
  editor    = {Carsten Sinz and
               Uwe Egly},
  title     = {Hypergraph Acyclicity and Propositional Model Counting},
  booktitle = {Theory and Applications of Satisfiability Testing - {SAT} 2014 - 17th
               International Conference, Held as Part of the Vienna Summer of Logic,
               {VSL} 2014, Vienna, Austria, July 14-17, 2014. Proceedings},
  series    = {Lecture Notes in Computer Science},
  volume    = {8561},
  pages     = {399--414},
  publisher = {Springer},
  year      = {2014},
  url       = {https://doi.org/10.1007/978-3-319-09284-3\_29},
  doi       = {10.1007/978-3-319-09284-3\_29},
  timestamp = {Mon, 16 Sep 2019 15:30:17 +0200},
  biburl    = {https://dblp.org/rec/conf/sat/CapelliDM14.bib},
  bibsource = {dblp computer science bibliography, https://dblp.org}
}

@inproceedings{DBLP:conf/sat/GanianPSSS22,
  author    = {Robert Ganian and
               Filip Pokr{\'{y}}vka and
               Andr{\'{e}} Schidler and
               Kirill Simonov and
               Stefan Szeider},
  editor    = {Kuldeep S. Meel and
               Ofer Strichman},
  title     = {Weighted Model Counting with Twin-Width},
  booktitle = {25th International Conference on Theory and Applications of Satisfiability
               Testing, {SAT} 2022, August 2-5, 2022, Haifa, Israel},
  series    = {LIPIcs},
  volume    = {236},
  pages     = {15:1--15:17},
  publisher = {Schloss Dagstuhl - Leibniz-Zentrum f{\"{u}}r Informatik},
  year      = {2022},
  url       = {https://doi.org/10.4230/LIPIcs.SAT.2022.15},
  doi       = {10.4230/LIPIcs.SAT.2022.15},
  timestamp = {Thu, 28 Jul 2022 17:31:18 +0200},
  biburl    = {https://dblp.org/rec/conf/sat/GanianPSSS22.bib},
  bibsource = {dblp computer science bibliography, https://dblp.org}
}

@inproceedings{DBLP:conf/sat/SaetherTV14,
  author    = {Sigve Hortemo S{\ae}ther and
               Jan Arne Telle and
               Martin Vatshelle},
  editor    = {Carsten Sinz and
               Uwe Egly},
  title     = {Solving {M}ax{SAT} and {\#}{SAT} on Structured {CNF} Formulas},
  booktitle = {Theory and Applications of Satisfiability Testing - {SAT} 2014 - 17th
               International Conference, Held as Part of the Vienna Summer of Logic,
               {VSL} 2014, Vienna, Austria, July 14-17, 2014. Proceedings},
  series    = {Lecture Notes in Computer Science},
  volume    = {8561},
  pages     = {16--31},
  publisher = {Springer},
  year      = {2014},
  url       = {https://doi.org/10.1007/978-3-319-09284-3\_3},
  doi       = {10.1007/978-3-319-09284-3\_3},
  timestamp = {Tue, 14 May 2019 10:00:41 +0200},
  biburl    = {https://dblp.org/rec/conf/sat/SaetherTV14.bib},
  bibsource = {dblp computer science bibliography, https://dblp.org}
}

@article{DBLP:journals/dam/FischerMR08,
  author    = {Eldar Fischer and
               Johann A. Makowsky and
               Elena V. Ravve},
  title     = {Counting truth assignments of formulas of bounded tree-width or clique-width},
  journal   = {Discret. Appl. Math.},
  volume    = {156},
  number    = {4},
  pages     = {511--529},
  year      = {2008},
  url       = {https://doi.org/10.1016/j.dam.2006.06.020},
  doi       = {10.1016/j.dam.2006.06.020},
  timestamp = {Thu, 11 Feb 2021 23:22:48 +0100},
  biburl    = {https://dblp.org/rec/journals/dam/FischerMR08.bib},
  bibsource = {dblp computer science bibliography, https://dblp.org}
}

